@article{dqn2013,
	author    = {Volodymyr Mnih and
	Koray Kavukcuoglu and
	David Silver and
	Alex Graves and
	Ioannis Antonoglou and
	Daan Wierstra and
	Martin A. Riedmiller},
	title     = {Playing Atari with Deep Reinforcement Learning},
	journal   = {CoRR},
	volume    = {abs/1312.5602},
	year      = {2013},
	url       = {http://arxiv.org/abs/1312.5602},
	archivePrefix = {arXiv},
	eprint    = {1312.5602},
	timestamp = {Wed, 07 Jun 2017 14:43:06 +0200},
	biburl    = {https://dblp.org/rec/bib/journals/corr/MnihKSGAWR13},
	bibsource = {dblp computer science bibliography, https://dblp.org}
}


@Article{dqn2015,
	author={Mnih, Volodymyr
	and Kavukcuoglu, Koray
	and Silver, David
	and Rusu, Andrei A.
	and Veness, Joel
	and Bellemare, Marc G.
	and Graves, Alex
	and Riedmiller, Martin
	and Fidjeland, Andreas K.
	and Ostrovski, Georg
	and Petersen, Stig
	and Beattie, Charles
	and Sadik, Amir
	and Antonoglou, Ioannis
	and King, Helen
	and Kumaran, Dharshan
	and Wierstra, Daan
	and Legg, Shane
	and Hassabis, Demis},
	title={Human-level control through deep reinforcement learning},
	journal={Nature},
	year={2015},
	month={Feb},
	day={25},
	publisher={Nature Publishing Group, a division of Macmillan Publishers Limited. All Rights Reserved. SN  -},
	volume={518},
	pages={529 EP  -},
	url={http://dx.doi.org/10.1038/nature14236}
}


@article{doubledqn,
	author    = {Hado van Hasselt and
		Arthur Guez and
		David Silver},
	title     = {Deep Reinforcement Learning with Double Q-learning},
	journal   = {CoRR},
	volume    = {abs/1509.06461},
	year      = {2015},
	url       = {http://arxiv.org/abs/1509.06461},
	archivePrefix = {arXiv},
	eprint    = {1509.06461},
	timestamp = {Wed, 07 Jun 2017 14:40:43 +0200},
	biburl    = {https://dblp.org/rec/bib/journals/corr/HasseltGS15},
	bibsource = {dblp computer science bibliography, https://dblp.org}
}


@article{duelingdqn,
	author    = {Ziyu Wang and
	Nando de Freitas and
	Marc Lanctot},
	title     = {Dueling Network Architectures for Deep Reinforcement Learning},
	journal   = {CoRR},
	volume    = {abs/1511.06581},
	year      = {2015},
	url       = {http://arxiv.org/abs/1511.06581},
	archivePrefix = {arXiv},
	eprint    = {1511.06581},
	timestamp = {Tue, 08 Aug 2017 15:06:57 +0200},
	biburl    = {https://dblp.org/rec/bib/journals/corr/WangFL15},
	bibsource = {dblp computer science bibliography, https://dblp.org}
}


@article{prioritized,
	author    = {Tom Schaul and
	John Quan and
	Ioannis Antonoglou and
	David Silver},
	title     = {Prioritized Experience Replay},
	journal   = {CoRR},
	volume    = {abs/1511.05952},
	year      = {2015},
	url       = {http://arxiv.org/abs/1511.05952},
	archivePrefix = {arXiv},
	eprint    = {1511.05952},
	timestamp = {Wed, 07 Jun 2017 14:42:32 +0200},
	biburl    = {https://dblp.org/rec/bib/journals/corr/SchaulQAS15},
	bibsource = {dblp computer science bibliography, https://dblp.org}
}